<record><leader>00000cas a22000007a 4500</leader><controlfield tag="001">11103211</controlfield><controlfield tag="008">840829d19251928mtudn ne      0    0eng d</controlfield><datafield ind1=" " ind2=" " tag="010"><subfield code="a">sn 84036160 </subfield></datafield><datafield ind1=" " ind2=" " tag="040"><subfield code="a">MTL</subfield><subfield code="b">eng</subfield><subfield code="c">MTL</subfield><subfield code="d">OCLCQ</subfield></datafield><datafield ind1=" " ind2=" " tag="042"><subfield code="a">msc</subfield></datafield><datafield ind1="0" ind2="4" tag="245"><subfield code="a">The Havre daily news-promoter.</subfield></datafield><datafield ind1=" " ind2=" " tag="260"><subfield code="a">Havre, Mont. :</subfield><subfield code="b">[R.G. Linebarger and S.D. Goza],</subfield><subfield code="c">1925-1928.</subfield></datafield><datafield ind1=" " ind2=" " tag="300"><subfield code="a">3 v. :</subfield><subfield code="b">ill.</subfield></datafield><datafield ind1=" " ind2=" " tag="310"><subfield code="a">Daily (except Sun.),</subfield><subfield code="b">Oct. 15-Nov. 30, 1928</subfield></datafield><datafield ind1=" " ind2=" " tag="321"><subfield code="a">Daily (except Sat.),</subfield><subfield code="b">Dec. 14, 1925-Oct. 14, 1928</subfield></datafield><datafield ind1="0" ind2=" " tag="362"><subfield code="a">Vol. 13, no. 4 (Dec. 14, 1925)-v. 15, no. 259 (Nov. 30, 1928).</subfield></datafield><datafield ind1=" " ind2=" " tag="500"><subfield code="a">"Republican." Cf. Directory of Montana newspapers, 1926, 1927.</subfield></datafield><datafield ind1=" " ind2=" " tag="500"><subfield code="a">"Official [Hill] county paper, official city paper."</subfield></datafield><datafield ind1=" " ind2=" " tag="500"><subfield code="a">Publishers: [R.G. Linebarger and S.D. Goza, 1925-Oct. 14, 1928.--United Publishers, 0ct. 15-Nov. 30, 1928].</subfield></datafield><datafield ind1=" " ind2=" " tag="580"><subfield code="a">Formed by the union of: Havre evening news (non-extant), and: Havre daily promoter.</subfield></datafield><datafield ind1=" " ind2=" " tag="752"><subfield code="a">United States</subfield><subfield code="b">Montana</subfield><subfield code="c">Hill</subfield><subfield code="d">Havre.</subfield></datafield><datafield ind1="1" ind2="4" tag="780"><subfield code="t">Havre evening news</subfield></datafield><datafield ind1="1" ind2="4" tag="780"><subfield code="t">Havre daily promoter</subfield><subfield code="w">(DLC)sn 84036159</subfield></datafield><datafield ind1="0" ind2="0" tag="785"><subfield code="t">Havre daily news</subfield><subfield code="w">(DLC)sn 83007671</subfield></datafield><datafield ind1="1" ind2=" " tag="029"><subfield code="a">AU@</subfield><subfield code="b">000025810693</subfield></datafield></record>